<?xml version="1.0" encoding="UTF-8"?><collection xmlns="http://www.loc.gov/MARC21/slim"><record><leader>00530nam--2200181-i-4500</leader><controlfield tag="001">000023386</controlfield><controlfield tag="002">20161230</controlfield><controlfield tag="005">20161230201035</controlfield><controlfield tag="008">060222s1000------------r-----000-0-eng-d</controlfield><datafield ind1=" " ind2=" " tag="040"><subfield code="a">IFIN-HH</subfield></datafield><datafield ind1=" " ind2=" " tag="080"><subfield code="a">536.48:621.59</subfield></datafield><datafield ind1="1" ind2=" " tag="100"><subfield code="a">Hudson, R.P</subfield></datafield><datafield ind1="1" ind2="0" tag="245"><subfield code="a">Principles and application of magnetic cooling</subfield><subfield code="c">R.p. hudson</subfield></datafield><datafield ind1=" " ind2=" " tag="260"><subfield code="a">Amsterdam, North-hilland Publ.Co., 1972,</subfield></datafield><datafield ind1=" " ind2=" " tag="300"><subfield code="a">XVII + 230 P</subfield></datafield><datafield ind1=" " ind2=" " tag="490"><subfield code="a">North-holland Series In Low Temperature Physics</subfield><subfield code="v">vol. 2</subfield></datafield><datafield ind1=" " ind2=" " tag="852"><subfield code="a">40941</subfield><subfield code="c">532</subfield></datafield><datafield ind1=" " ind2=" " tag="CAT"><subfield code="a">Sys</subfield><subfield code="c">20100716</subfield><subfield code="h">102534</subfield></datafield></record></collection>